<mx:record xmlns="http://www.w3.org/TR/xhtml1/strict" xmlns:mx="http://www.loc.gov/MARC21/slim" xmlns:xsi="http://www.w3.org/2001/XMLSchema-instance"><mx:leader>00000cz   2200000n  0000</mx:leader><mx:controlfield tag="001">oca06175737 </mx:controlfield><mx:controlfield tag="005">20040420073542.0</mx:controlfield><mx:controlfield tag="008">031009n| acannaabn          |a aaa      </mx:controlfield><mx:datafield ind1=" " ind2=" " tag="010"><mx:subfield code="a">n 2003056220</mx:subfield></mx:datafield><mx:datafield ind1=" " ind2=" " tag="040"><mx:subfield code="a">DLC</mx:subfield><mx:subfield code="b">eng</mx:subfield><mx:subfield code="c">DLC</mx:subfield><mx:subfield code="d">DLC</mx:subfield></mx:datafield><mx:datafield ind1="0" ind2=" " tag="100"><mx:subfield code="a">Christodōros,</mx:subfield><mx:subfield code="d">fl. 5th cent.</mx:subfield></mx:datafield><mx:datafield ind1="0" ind2=" " tag="400"><mx:subfield code="a">Christodoro,</mx:subfield><mx:subfield code="d">fl. 5th cent.</mx:subfield></mx:datafield><mx:datafield ind1=" " ind2=" " tag="670"><mx:subfield code="a">Cristodoro, c2000.</mx:subfield></mx:datafield><mx:datafield ind1=" " ind2=" " tag="670"><mx:subfield code="a">Enkykl. Papyros, Larous, Britannika, c1994</mx:subfield><mx:subfield code="b">(hdg.: Christodōros; poet of Egypt, 5th cent., whose only extant poem is entitled &amp;#034;Ekphrasis,&amp;#034; about statues adorning the Baths of Zeuxippus in Istanbul)</mx:subfield></mx:datafield><mx:datafield ind1=" " ind2=" " tag="675"><mx:subfield code="a">Greek and Latin authors, 1980.</mx:subfield></mx:datafield><mx:datafield ind1=" " ind2=" " tag="999"><mx:subfield code="a">6</mx:subfield></mx:datafield></mx:record>